<record><leader>00000cas a22000007a 4500</leader><controlfield tag="001">22770570</controlfield><controlfield tag="008">901203d18uu18uuohudn ne      0    0eng d</controlfield><datafield ind1=" " ind2=" " tag="010"><subfield code="a">sn 90068576 </subfield></datafield><datafield ind1=" " ind2=" " tag="040"><subfield code="a">ONP</subfield><subfield code="b">eng</subfield><subfield code="c">ONP</subfield><subfield code="d">OCLCQ</subfield></datafield><datafield ind1=" " ind2=" " tag="042"><subfield code="a">msc</subfield></datafield><datafield ind1="0" ind2="0" tag="245"><subfield code="a">Daily experiment news.</subfield></datafield><datafield ind1=" " ind2=" " tag="260"><subfield code="a">Norwalk, Ohio :</subfield><subfield code="b">H.L. Stewart</subfield></datafield><datafield ind1=" " ind2=" " tag="300"><subfield code="a">v.</subfield></datafield><datafield ind1=" " ind2=" " tag="310"><subfield code="a">Daily (except Sun.)</subfield></datafield><datafield ind1=" " ind2=" " tag="500"><subfield code="a">On Saturdays published as: Saturday experiment news, Oct. 27, 1892-June 19, 1893.</subfield></datafield><datafield ind1=" " ind2=" " tag="588"><subfield code="a">Description based on: Vol. 7, no. 1 (Apr. 20, 1891).</subfield></datafield><datafield ind1=" " ind2=" " tag="752"><subfield code="a">United States</subfield><subfield code="b">Ohio</subfield><subfield code="c">Huron</subfield><subfield code="d">Norwalk.</subfield></datafield><datafield ind1="1" ind2=" " tag="775"><subfield code="t">Experiment news (Norwalk, Ohio)</subfield><subfield code="w">(DLC)sn 84028419</subfield></datafield></record>